date,revenue,to_date
07/21/2023,"$33,017,635","$33,017,635"
07/22/2023,"$26,248,140","$59,265,775"
07/23/2023,"$23,189,645","$82,455,420"
07/24/2023,"$12,671,950","$95,127,370"
07/25/2023,"$12,073,530","$107,200,900"
07/26/2023,"$10,655,845","$117,856,745"
07/27/2023,"$10,003,685","$127,860,430"
07/28/2023,"$13,427,475","$141,287,905"
07/29/2023,"$18,217,115","$159,505,020"
07/30/2023,"$15,061,040","$174,566,060"
07/31/2023,"$6,854,460","$181,420,520"
08/01/2023,"$6,981,975","$188,402,495"
08/02/2023,"$5,884,010","$194,286,505"
08/03/2023,"$5,582,115","$199,868,620"
08/04/2023,"$8,336,045","$208,204,665"
08/05/2023,"$11,158,205","$219,362,870"
08/06/2023,"$9,626,790","$228,989,660"
08/07/2023,"$4,750,015","$233,739,675"
08/08/2023,"$4,363,530","$238,103,205"
08/09/2023,"$3,744,420","$241,847,625"
08/10/2023,"$3,621,850","$245,469,475"
08/11/2023,"$5,079,435","$250,548,910"
08/12/2023,"$7,625,585","$258,174,495"
08/13/2023,"$6,107,950","$264,282,445"
08/14/2023,"$2,618,585","$266,901,030"
08/15/2023,"$3,123,675","$270,024,705"
08/16/2023,"$2,563,220","$272,587,925"
08/17/2023,"$2,043,810","$274,631,735"
08/18/2023,"$3,052,220","$277,683,955"
08/19/2023,"$4,330,355","$282,014,310"
08/20/2023,"$3,342,935","$285,357,245"
08/21/2023,"$1,409,670","$286,766,915"
08/22/2023,"$1,640,710","$288,407,625"
08/23/2023,"$1,339,220","$289,746,845"
08/24/2023,"$1,277,415","$291,024,260"
08/25/2023,"$2,278,125","$293,302,385"
08/26/2023,"$3,275,360","$296,577,745"
08/27/2023,"$2,667,265","$299,245,010"
08/28/2023,"$899,660","$300,144,670"
08/29/2023,"$1,112,640","$301,257,310"
08/30/2023,"$958,450","$302,215,760"
08/31/2023,"$815,240","$303,031,000"
09/01/2023,"$1,375,430","$304,406,430"
09/02/2023,"$2,063,425","$306,469,855"
09/03/2023,"$2,318,410","$308,788,265"
09/04/2023,"$1,900,260","$310,688,525"
09/05/2023,"$566,425","$311,254,950"
09/06/2023,"$475,750","$311,730,700"
09/07/2023,"$406,255","$312,136,955"
09/08/2023,"$805,650","$312,942,605"
09/09/2023,"$1,363,015","$314,305,620"
09/10/2023,"$912,095","$315,217,715"
09/11/2023,"$286,180","$315,503,895"
09/12/2023,"$394,100","$315,897,995"
09/13/2023,"$342,230","$316,240,225"
09/14/2023,"$298,890","$316,539,115"
09/15/2023,"$560,985","$317,100,100"
09/16/2023,"$935,245","$318,035,345"
09/17/2023,"$599,265","$318,634,610"
09/18/2023,"$228,365","$318,862,975"
09/19/2023,"$276,295","$319,139,270"
09/20/2023,"$238,900","$319,378,170"
09/21/2023,"$204,775","$319,582,945"
09/22/2023,"$383,645","$319,966,590"
09/23/2023,"$764,865","$320,731,455"
09/24/2023,"$477,970","$321,209,425"
09/25/2023,"$174,110","$321,383,535"
09/26/2023,"$196,925","$321,580,460"
09/27/2023,"$150,715","$321,731,175"
09/28/2023,"$118,950","$321,850,125"
09/29/2023,"$168,130","$322,018,255"
09/30/2023,"$288,235","$322,306,490"
10/01/2023,"$155,575","$322,462,065"
10/02/2023,"$70,220","$322,532,285"
10/03/2023,"$70,695","$322,602,980"
10/04/2023,"$62,190","$322,665,170"
10/05/2023,"$59,740","$322,724,910"
10/06/2023,"$115,340","$322,840,250"
10/07/2023,"$205,190","$323,045,440"
10/08/2023,"$121,375","$323,166,815"
10/09/2023,"$85,615","$323,252,430"
10/10/2023,"$49,915","$323,302,345"
10/11/2023,"$46,220","$323,348,565"
10/12/2023,"$41,760","$323,390,325"
10/13/2023,"$69,940","$323,460,265"
10/14/2023,"$158,945","$323,619,210"
10/15/2023,"$84,870","$323,704,080"
10/16/2023,"$40,990","$323,745,070"
10/17/2023,"$48,100","$323,793,170"
10/18/2023,"$43,770","$323,836,940"
10/19/2023,"$26,570","$323,863,510"
10/20/2023,"$47,355","$323,910,865"
10/21/2023,"$88,015","$323,998,880"
10/22/2023,"$53,910","$324,052,790"
10/23/2023,"$21,600","$324,074,390"
10/24/2023,"$28,005","$324,102,395"
10/25/2023,"$28,115","$324,130,510"
10/26/2023,"$15,785","$324,146,295"
10/27/2023,"$27,910","$324,174,205"
10/28/2023,"$43,405","$324,217,610"
10/29/2023,"$31,905","$324,249,515"
10/30/2023,"$15,675","$324,265,190"
10/31/2023,"$15,970","$324,281,160"
11/01/2023,"$17,415","$324,298,575"
11/02/2023,"$11,110","$324,309,685"
11/03/2023,"$119,355","$324,429,040"
11/04/2023,"$226,380","$324,655,420"
11/05/2023,"$167,650","$324,823,070"
11/06/2023,"$82,090","$324,905,160"
11/07/2023,"$83,780","$324,988,940"
11/08/2023,"$114,625","$325,103,565"
11/09/2023,"$33,220","$325,136,785"
11/10/2023,"$30,070","$325,166,855"
11/11/2023,"$41,165","$325,208,020"
11/12/2023,"$23,935","$325,231,955"
11/13/2023,"$10,280","$325,242,235"
11/14/2023,"$11,545","$325,253,780"
11/15/2023,"$10,715","$325,264,495"
11/16/2023,"$5,045","$325,269,540"
11/17/2023,"$10,815","$325,280,355"
11/18/2023,"$19,095","$325,299,450"
11/19/2023,"$13,265","$325,312,715"
11/20/2023,"$8,660","$325,321,375"
11/21/2023,"$5,155","$325,326,530"
11/22/2023,"$1,955","$325,328,485"
11/23/2023,"$4,925","$325,333,410"
11/24/2023,"$9,345","$325,342,755"
11/25/2023,"$10,350","$325,353,105"
11/26/2023,"$8,560","$325,361,665"
11/27/2023,"$1,825","$325,363,490"
11/28/2023,"$1,670","$325,365,160"
11/29/2023,"$1,860","$325,367,020"
11/30/2023,"$3,855","$325,370,875"
12/01/2023,"$3,405","$325,374,280"
12/02/2023,"$9,695","$325,383,975"
12/03/2023,"$3,995","$325,387,970"
12/04/2023,$490,"$325,388,460"
12/05/2023,$835,"$325,389,295"
12/06/2023,$545,"$325,389,840"
12/07/2023,"$5,220","$325,395,060"
,,
,,
,,
,,
,,
,,
,,
,,
,,
,,
,,
,,
,,
,,
,,
,,
,,
,,
,,
,,
,,
,,
,,
,,
,,
,,
,,
,,
,,
,,
,,
,,
,,
,,
,,
,,
,,
,,
,,
,,
,,
,,
,,
,,
,,
,,
,,
,,
,,
,,
,,
,,
,,
,,
,,
,,
,,
,,
,,
,,
,,
,,
,,
,,
,,
,,
,,
,,
,,
,,
,,
,,
,,
,,
,,
,,
,,
,,
,,
,,
,,
,,
,,
,,
,,
,,
,,
,,
,,
,,
,,
,,
,,
,,
,,
,,
,,
,,
,,
,,
,,
,,
,,
,,
,,